@article{bertrand1883,
  title={Théorie Mathématique de la Richesse Sociale},
  author={Bertrand, J.},
  journal={Journal des Savants},
  year={1883}
}

@techreport{sindipecas2023,
  title={Custos Industriais Automotivos},
  author={Sindipeças},
  year={2023},
  institution={Sindicato Nacional da Indústria de Componentes}
}